<?xml version="1.0" encoding="UTF-8"?><collection xmlns="http://www.loc.gov/MARC21/slim"><record><leader>00452nam--2200157-i-4500</leader><controlfield tag="001">000029675</controlfield><controlfield tag="002">20161230</controlfield><controlfield tag="005">20161230201037</controlfield><controlfield tag="008">060222s1000------------r-----000-0-eng-d</controlfield><datafield ind1=" " ind2=" " tag="040"><subfield code="a">IFIN-HH</subfield></datafield><datafield ind1=" " ind2=" " tag="080"><subfield code="a">517.982.2</subfield></datafield><datafield ind1="1" ind2=" " tag="100"><subfield code="a">Albeverio,Sergio A. s.a</subfield></datafield><datafield ind1="1" ind2="0" tag="245"><subfield code="a">Lecture notes in mathematics. vol.523:mathematical theory of feynman path integrals</subfield></datafield><datafield ind1=" " ind2=" " tag="260"><subfield code="a">Berlin, Springer-verlag, 1976</subfield></datafield><datafield ind1=" " ind2=" " tag="852"><subfield code="a">75768</subfield><subfield code="c">517.9</subfield></datafield><datafield ind1=" " ind2=" " tag="CAT"><subfield code="a">Sys</subfield><subfield code="c">20090515</subfield><subfield code="h">084106</subfield></datafield></record></collection>